@article{context2015, 
  author={A. Rahmati and C. Shepard and C. Tossell and L. Zhong and P. Kortum}, 
  journal={IEEE Transactions on Mobile Computing}, 
  title={Practical Context Awareness: Measuring and Utilizing the Context Dependency of Mobile Usage}, 
  year={2015}, 
  volume={14}, 
  number={9}, 
  pages={1932-1946}, 
  doi={10.1109/TMC.2014.2365199}, 
  ISSN={1536-1233}, 
  month={Sept}
}
@article{survey2013,
  title={A survey of mobile cloud computing: architecture, applications, and approaches},
  author={Dinh, Hoang T and Lee, Chonho and Niyato, Dusit and Wang, Ping},
  journal={Wireless communications and mobile computing},
  volume={13},
  number={18},
  pages={1587--1611},
  year={2013},
  publisher={Wiley Online Library}
}
@article{orsini2016,
  title = {Generic Context Adaptation for Mobile Cloud Computing Environments},
  journal = {Procedia Computer Science},
  volume = {94},
  number = {},
  pages = {17 - 24},
  year = {2016},
  note = {The 11th International Conference on Future Networks and Communications (FNC 2016) / The 13th International Conference on Mobile Systems and Pervasive Computing (MobiSPC 2016) / Affiliated Workshops},
  issn = {1877-0509},
  doi = {http://dx.doi.org/10.1016/j.procs.2016.08.007},
  url = {http://www.sciencedirect.com/science/article/pii/S1877050916317471},
  author = {Gabriel Orsini and Dirk Bade and Winfried Lamersdorf},
}
@book{datamining2011,
  title = {Data Mining: Practical Machine Learning Tools and Techniques (Third Edition)},
  author = {Ian H. Witten, Eibe Frank and Mark A. Hall},
  publisher = {Morgan Kaufmann},
  edition = {Third},
  address = {Boston},
  year = {2011},
  series = {The Morgan Kaufmann Series in Data Management Systems},
  isbn = {978-0-12-374856-0},
  doi = {http://dx.doi.org/10.1016/B978-0-12-374856-0.00018-3},
  url = {http://www.sciencedirect.com/science/article/pii/B978012374856000018}
}

@INPROCEEDINGS{bytheirapps2010,
  author = {Do, Trinh-Minh-Tri and Gatica-Perez, Daniel},
  projects = {NOKIA},
  month = {12},
  title = {By their apps you shall understand them: mining large-scale patterns of mobile phone usage},
  booktitle = {The 9th International Conference on Mobile and Ubiquitous Multimedia},
  year = {2010},
  pdf = {http://publications.idiap.ch/downloads/papers/2010/Do_MUM2010_2010.pdf}
}
@article{pocket2014,
  title={Pocket data mining},
  author={Gaber, Mohamed Medhat and Gomes, Jo{\~a}o B{\'a}rtolo and Stahl, Frederic},
  journal={Big Data on Small Devices. Series: Studies in Big Data},
  year={2014},
  publisher={Springer}
}
@article{kdd96,
  title={From data mining to knowledge discovery in databases},
  author={Fayyad, Usama and Piatetsky-Shapiro, Gregory and Smyth, Padhraic},
  journal={AI magazine},
  volume={17},
  number={3},
  pages={37},
  year={1996}
}
@article{crisp2000,
  title={The CRISP-DM model: the new blueprint for data mining},
  author={Shearer, Colin},
  journal={Journal of data warehousing},
  volume={5},
  number={4},
  pages={13--22},
  year={2000},
  publisher={THE DATA WAREHOUSE INSTITUTE}
}

@online{lavrenko2013,
  title = {Dr. Victor Lavrenko, University of Edinburgh, online lectures},
  author={Victor Lavrenko},
  year={2013},
  url={http://homepages.inf.ed.ac.uk/vlavrenk/},
  note = {Accessed: 2016-12-07}
}

@online{ray2015,
  title = {Analytics Vidhya -- Understanding Support Vector Machine algorithm from examples (along with code)},
  author={Sunil Ray},
  year={2015},
  url={https://www.analyticsvidhya.com/blog/2015/10/understaing-support-vector-machine-example-code/},
  note = {Accessed: 2016-12-07}
}

@article{lockhart2011,
  title={Mobile sensor data mining},
  author={Lockhart, Jeff},
  journal={Fordham Undergraduate Research Journal},
  volume={1},
  pages={67--68},
  year={2011},
  publisher={Citeseer}
}

@online{iosHealth,
  title = {iOS Health Apple},
  author={Inc. Apple},
  year={2016},
  url={http://www.apple.com/ios/health/},
  note = {Accessed: 2016-12-07}
}

@online{iosSecurity,
  title = {iOS Security Whitepaper},
  author={Inc. Apple},
  year={2016},
  month={May},
  url={https://www.apple.com/business/docs/iOS_Security_Guide.pdf},
  note = {Accessed: 2016-12-07}
}

@online{hkApi,
  title = {Apple API Reference},
  author={Inc. Apple},
  year={2016},
  url={https://developer.apple.com/reference/healthkit},
  note = {Accessed: 2016-12-07}
}